% This file was created with JabRef 2.6.
% Encoding: UTF8

@ARTICLE{cr,
  author = {{Národní knihovna}},
  title = {A big paper},
  journaltitle = {The journal of big papers},
  year = {1991},
  volume = {12},
  number = {3},
  issn={2232-332X},
  hyphenation={english}
}

@BOOK{kniha,
  title = {A big paper},
  subtitle={Podtitul},
  publisher = {Academia},
  year = {1991},
  author = {Děťa, Hugh and Rychlík, Tomáš},
  edition = {2},
  pagetotal = {550},
  location = {Praha},
  series={Pokusná edice},
  isbn={978-44-55-X},
  url={http://pokus.cz},
  comment={Dostupné také z WWW},
  urldate = {2011-01-12},
  hyphenation={czech}
}

@BOOK{kniha2,
  title = {Úplně úžasná knížka},
  year = {1991},
  author = {Děťa, Hugh and Rychlík, Tomáš and Další, Pepa and Spousta, Pepa and Skoro, Moc and Ale, Nestačí and Hodně},
  edition = {3},
  address = {Praha},
  hyphenation={czech}
}

@BOOK{kniha3,
  title = {Úplně úžasná knížka},
  year = {1991},
  author = {Děťa, Hugh and Rychlík, Tomáš and Další, Pepa and Spousta, Pepa and Skoro, Moc and Ale, Nestačí and Hodně},
  edition = {3},
  publisher={MIT Press},
  address = {Praha},
  pagetotal={332},
  hyphenation={english}
}

@ARTICLE{small,
  author = {Freely, I.P.},
  title = {A small paper},
  subtitle = {Podtitulek},
  journaltitle = {The journal of small papers},
  year = {1997},
  volume = {1},
  note = {to appear},
  pages={2-5},
  number={3}
}

@ARTICLE{big,
  author = {Jass, Hugh},
  title = {A big paper},
  journal = {The journal of big papers},
  year = {1991},
  volume = {23}
}

@ARTICLE{cs,
  author = {Černý, Hugh},
  title = {Titulek},
  journal = {The journal of big papers},
  year = {1991},
  volume = {12},
  pages = {22-44},
  doi = {10.112.22/jkn},
  number = {2}
}

@BOOK{koll,
  author = {Kollmannová, Ludmila and Bubeniková, Libuše and Kopecká, Alena},
  title = {Angličtina pro samouky}, 
  edition = {5},
  location = {Praha}, 
  publisher = {Státní pedagogické nakladatelství}, 
  year = {1977}, 
  pagetotal = {525},
  series = {Učebnice pro samouky},
  isbn = {80-04-25663-5}
}

@INBOOK{kap,
  author = {Novotná, Pepina},
  title = {Podkapitola},
  pages = {22-29},
  chapter = {2.},
  crossref = {koll}
}

@ARTICLE {tug,
  journaltitle = {The TUGBoat},
  issn = {1222-3333},
  hyphenation = {english}
}

@ARTICLE{knuth,
  author = {Knuth, Donald},
  title = {Journeys of \TeX},
  volume = {17},
  number = {3},
  year = {2003},
  pages = {12-22},
  url = {http://tugboat.tug.org/kkk.pdf},
  crossref={tug}
}

@COLLECTION{sbornik,
  title = {Mimořádně užitečný sborník},
  editor = {Geniální, Jiří},
  year = {2007},
  hyphenation = {czech},
  location = {Praha},
  publisher = {Academia},
  isbn = {978-222-626-222-2}
}

@INCOLLECTION{prispevek1,
  crossref = {sbornik},
  title = {Velmi zajímavý článek},
  author = {Vlaštovka, Josef}
}